@article{mahfoudMani,
    author = "Sam Mahfoud and Ganesh Mani",
    title  = "{Financial Forecasting Using Genetic Algorithms}",
    note   = "Also available at: \url{https://pdfs.semanticscholar.org/5c4c/8c88b362cb77bc7cda3cf7481d54cfdec1ef.pdf}",
    year   = "1996"
}
 
@article{allenKarjalainen,
    author  = "Franklin Allen and Risto Karjalainen",
    title   = "Using genetic algorithms to find technical trading rules",
    journal = "Journal of Financial Economics",
    volume  = "51",
    pages   = "245—271",
    year    = "1999",
    note   = "Also available at: \url{https://www.sciencedirect.com/science/article/pii/S0304405X9800052X}",
}
 
@article{potvinaSorianoaVallee,
    author  = "Jean-Yves Potvina, Patrick Sorianoa, and Maxime Vallee",
    title   = "Generating trading rules on the stock markets with genetic programming",
    journal = "Computers \& Operations Research",
    volume  = "31",
    pages   = "1033—1047",
    year    = "2004",
    note   = "Also available at: \url{https://www.sciencedirect.com/science/article/pii/S0305054803000637}",
}

@article{turingImitation, 
    author  = "Alan M. Turing",
    title   = "{Computing Machinery and Intelligence}",
    journal = "Mind",
    volume  = "LIX",
    number = "236",
    pages   = "433—460",
    year    = "1950",
    note   = "Also available at: \url{https://academic.oup.com/mind/article/LIX/236/433/986238}",
}

@misc{rustLang,
    title  = "Rust {Programming Language Official Website}",
    note   = "Available at: \url{https://www.rust-lang.org/}",
}

@misc{intrinioApi,
    title = "Intrinio - {Stock Price API}",
    note = "Available at: \url{https://intrinio.com/}",
}

@misc{intrinioDataTags,
    title = "Intrinio - {All Data Tags}",
    note = "Available at: \url{https://data.intrinio.com/data-tag/all}",
}

@misc{intrinioPython,
    title = "Intrinio - {Unofficial Python Client SDK}",
    note = "Available at: \url{https://github.com/nhedlund/intrinio}",
}

@misc{snp500Best,
    title = "S&P 500 Index – Standard & Poor's 500 Index Definition",
    note = "Available at: \url{https://www.investopedia.com/terms/s/sp500.asp}",
}

@misc{basicEarnings,
    title = "Investopedia - {Basic Earnings per Share}",
    note = "\url{https://www.investopedia.com/terms/b/basic-earnings-per-share.asp}",
}

@misc{weightedOutstandingShares,
    title = "Investopedia - {Weighted Outstanding Shares}",
    note = "\url{https://www.investopedia.com/ask/answers/05/weightedoutstandingshares.asp}",
}

@misc{bookValuePerShare,
    title = "Investopedia - {Book Value per Share}",
    note = "\url{https://www.investopedia.com/terms/b/bookvaluepercommon.asp}",
}

@misc{sgaextorevenue,
    title = "Investopedia - {Selling, General, and Administrative Expenses to Revenue}",
    note = "\url{https://www.investopedia.com/terms/s/sga.asp}",
}

@misc{totalLiabilities,
    title = "Investopedia - {Total Liabilities}",
    note = "\url{https://www.investopedia.com/terms/t/total-liabilities.asp}",
}

@misc{croic,
    title = "Stockopedia - {Cash Return on Invested Capital}",
    note = "\url{https://www.stockopedia.com/ratios/cash-return-on-invested-capital-last-year-189/}",
}

@misc{evtofcf,
    title = "Stockopedia - {Enterprise Value to Free Cash Flow}",
    note = "\url{https://www.stockopedia.com/ratios/enterprise-value-free-cash-flow-337/}",
}